@inproceedings{frozza2018approach,
  title={An approach for schema extraction of JSON and extended JSON document collections},
  author={Frozza, Angelo Augusto and dos Santos Mello, Ronaldo and da Costa, Felipe de Souza},
  booktitle={2018 IEEE International Conference on Information Reuse and Integration (IRI)},
  pages={356--363},
  year={2018},
  organization={IEEE}
}

@book{sadalage2012nosql,
  title={NoSQL Distilled: A Brief Guide to the Emerging World of Polyglot Persistence},
  author={Sadalage, P. J. and Fowler, M.},
  year={2012},
  publisher={Addison-Wesley}
}

@inproceedings{wang2015schema,
  title={Schema management for document stores},
  author={Wang, L. and et al.},
  booktitle={Proc. of the VLDB Endowment},
  volume={8},
  number={9},
  pages={922--933},
  year={2015}
}